@article{guyon-elisseeff-03,
  title   = "An Introduction to Variable and Feature Selection",
  author  = "I. Guyon and A. Elisseeff",
  journal = "JMLR",
  volume  = "3",
  month   = MAR,
  pages   = "1157-1182",
  year    = 2003
}

@techreport{guyon2007causalreport,
  author      = {I. Guyon and C. Aliferis and A. Elisseeff},
  title       = {Causal Feature Selection},
  institution = {Clopinet},
  year        = 2007,
  type        = {Technical Report },
  source      = {\url{http://clopinet.com/isabelle/Papers/causalFS.pdf}}
}

% 1.  Physionet ECG classification challenges: https://moody-challenge.physionet.org/2021/papers/2021ChallengePaperPMEA.pdf
% 2.  Physionet dataset: https://moody-challenge.physionet.org/2021/papers/2021ChallengePaperCinC.pdf
% 3. InceptionTime: https://arxiv.org/abs/1909.04939
% 4.  Minirocket: https://arxiv.org/abs/2102.00457
% 5.  SAX: https://link.springer.com/article/10.1007/s10618-007-0064-z
% 6.  Transformer in ECG classification: https://ieeexplore.ieee.org/abstract/document/9344053
% 7. icbeb open access dataset 

% physionet general citation
@article{goldberger2000physiobank,
  title={PhysioBank, PhysioToolkit, and PhysioNet: components of a new research resource for complex physiologic signals},
  author={Goldberger, Ary L and Amaral, Luis AN and Glass, Leon and Hausdorff, Jeffrey M and Ivanov, Plamen Ch and Mark, Roger G and Mietus, Joseph E and Moody, George B and Peng, Chung-Kang and Stanley, H Eugene},
  journal={circulation},
  volume={101},
  number={23},
  pages={e215--e220},
  year={2000},
  publisher={Am Heart Assoc}
}
% Practical Lessons on 12-Lead ECG Classification: Meta-Analysis of Methods From PhysioNet/Computing in Cardiology Challenge 2020
@article{hong2022practical,
  title={Practical Lessons on 12-Lead ECG Classification: Meta-Analysis of Methods From PhysioNet/Computing in Cardiology Challenge 2020},
  author={Hong, Shenda and Zhang, Wenrui and Sun, Chenxi and Zhou, Yuxi and Li, Hongyan},
  journal={Frontiers in Physiology},
  pages={2505},
  year={2022},
  publisher={Frontiers}
}
% physionet2020
@article{alday2020classification,
  title={Classification of 12-lead ecgs: the physionet/computing in cardiology challenge 2020},
  author={Alday, Erick A Perez and Gu, Annie and Shah, Amit J and Robichaux, Chad and Wong, An-Kwok Ian and Liu, Chengyu and Liu, Feifei and Rad, Ali Bahrami and Elola, Andoni and Seyedi, Salman and others},
  journal={Physiological measurement},
  volume={41},
  number={12},
  pages={124003},
  year={2020},
  publisher={IOP Publishing}
}
@inproceedings{reyna2021will,
  title={Will two do? Varying dimensions in electrocardiography: the PhysioNet/Computing in Cardiology Challenge 2021},
  author={Reyna, Matthew A and Sadr, Nadi and Alday, Erick A Perez and Gu, Annie and Shah, Amit J and Robichaux, Chad and Rad, Ali Bahrami and Elola, Andoni and Seyedi, Salman and Ansari, Sardar and others},
  booktitle={2021 Computing in Cardiology (CinC)},
  volume={48},
  pages={1--4},
  year={2021},
  organization={IEEE}
}
@article{reyna4issues,
  title={Issues in the automated classification of multilead ECGs using heterogeneous labels and populations},
  author={Reyna, Matthew A and Sadr, Nadi and Alday, Erick A Perez and Gu, Annie and Shah, Amit J and Robichaux, Chad and Rad, Ali Bahrami and Elola, Andoni and Seyedi, Salman and Ansari, Sardar and others},
  journal={personnel},
  volume={4},
   year={2021},
  pages={5}
}
@inproceedings{natarajan2020wide,
  title={A wide and deep transformer neural network for 12-lead ecg classification},
  author={Natarajan, Annamalai and Chang, Yale and Mariani, Sara and Rahman, Asif and Boverman, Gregory and Vij, Shruti and Rubin, Jonathan},
  booktitle={2020 Computing in Cardiology},
  pages={1--4},
  year={2020},
  organization={IEEE}
}
@inproceedings{zhao2020adaptive,
  title={Adaptive lead weighted resnet trained with different duration signals for classifying 12-lead ecgs},
  author={Zhao, Zhibin and Fang, Hui and Relton, Samuel D and Yan, Ruqiang and Liu, Yuhong and Li, Zhijing and Qin, Jing and Wong, David C},
  booktitle={2020 Computing in Cardiology},
  pages={1--4},
  year={2020},
  organization={IEEE}
}
@inproceedings{zhu2020classification,
  title={Classification of cardiac abnormalities from ECG signals using SE-ResNet},
  author={Zhu, Zhaowei and Wang, Han and Zhao, Tingting and Guo, Yangming and Xu, Zhuoyang and Liu, Zhuo and Liu, Siqi and Lan, Xiang and Sun, Xingzhi and Feng, Mengling},
  booktitle={2020 Computing in Cardiology},
  pages={1--4},
  year={2020},
  organization={IEEE}
}
@inproceedings{oppelt2020combining,
  title={Combining scatter transform and deep neural networks for multilabel electrocardiogram signal classification},
  author={Oppelt, Maximilian P and Riehl, Maximilian and Kemeth, Felix P and Steffan, Jan},
  booktitle={2020 Computing in Cardiology},
  pages={1--4},
  year={2020},
  organization={IEEE}
}
@inproceedings{hasani2020classification,
  title={Classification of 12-lead ECG signals with adversarial multi-source domain generalization},
  author={Hasani, Hosein and Bitarafan, Adeleh and Baghshah, Mahdieh Soleymani},
  booktitle={2020 Computing in Cardiology},
  pages={1--4},
  year={2020},
  organization={IEEE}
}

@inproceedings{dempster2021minirocket,
  title={Minirocket: A very fast (almost) deterministic transform for time series classification},
  author={Dempster, Angus and Schmidt, Daniel F and Webb, Geoffrey I},
  booktitle={Proceedings of the 27th ACM SIGKDD Conference on Knowledge Discovery \& Data Mining},
  pages={248--257},
  year={2021}
}

@article{lin2007experiencing,
  title={Experiencing SAX: a novel symbolic representation of time series},
  author={Lin, Jessica and Keogh, Eamonn and Wei, Li and Lonardi, Stefano},
  journal={Data Mining and knowledge discovery},
  volume={15},
  number={2},
  pages={107--144},
  year={2007},
  publisher={Springer}
}

@article{ismail2020inceptiontime,
  title={Inceptiontime: Finding alexnet for time series classification},
  author={Ismail Fawaz, Hassan and Lucas, Benjamin and Forestier, Germain and Pelletier, Charlotte and Schmidt, Daniel F and Weber, Jonathan and Webb, Geoffrey I and Idoumghar, Lhassane and Muller, Pierre-Alain and Petitjean, Fran{\c{c}}ois},
  journal={Data Mining and Knowledge Discovery},
  volume={34},
  number={6},
  pages={1936--1962},
  year={2020},
  publisher={Springer}
}
@article{IsmailFawaz2018deep,
  Title                    = {Deep learning for time series classification: a review},
  Author                   = {Ismail Fawaz, Hassan and Forestier, Germain and Weber, Jonathan and Idoumghar, Lhassane and Muller, Pierre-Alain},
  journal                  = {Data Mining and Knowledge Discovery},
  Year                     = {2019},
  volume                   = {33},
  number                   = {4},
  pages                    = {917--963},
}
@inproceedings{szegedy2017inception,
  title={Inception-v4, inception-resnet and the impact of residual connections on learning},
  author={Szegedy, Christian and Ioffe, Sergey and Vanhoucke, Vincent and Alemi, Alexander A},
  booktitle={Thirty-first AAAI conference on artificial intelligence},
  year={2017}
}


% icbeb
@article{liu2018open,
  title={An open access database for evaluating the algorithms of electrocardiogram rhythm and morphology abnormality detection},
  author={Liu, Feifei and Liu, Chengyu and Zhao, Lina and Zhang, Xiangyu and Wu, Xiaoling and Xu, Xiaoyan and Liu, Yulin and Ma, Caiyun and Wei, Shoushui and He, Zhiqiang and others},
  journal={Journal of Medical Imaging and Health Informatics},
  volume={8},
  number={7},
  pages={1368--1373},
  year={2018},
  publisher={American Scientific Publishers}
}
% chapman
@article{zheng202012,
  title={A 12-lead electrocardiogram database for arrhythmia research covering more than 10,000 patients},
  author={Zheng, Jianwei and Zhang, Jianming and Danioko, Sidy and Yao, Hai and Guo, Hangyuan and Rakovski, Cyril},
  journal={Scientific Data},
  volume={7},
  number={1},
  pages={1--8},
  year={2020},
  publisher={Nature Publishing Group}
}

% pre-processing 
@article{sornmo2006electrocardiogram,
  title={Electrocardiogram (ECG) signal processing},
  author={S{\"o}rnmo, Leif and Laguna, Pablo},
  journal={Wiley encyclopedia of biomedical engineering},
  year={2006},
  publisher={John Wiley \& Sons, Inc. Hoboken, NJ, USA}
}
@book{gacek2011ecg,
  title={ECG signal processing, classification and interpretation: a comprehensive framework of computational intelligence},
  author={Gacek, Adam and Pedrycz, Witold},
  year={2011},
  publisher={Springer Science \& Business Media}
}

@article{uwaechia2021comprehensive,
  title={A comprehensive survey on ECG signals as new biometric modality for human authentication: Recent advances and future challenges},
  author={Uwaechia, Anthony Ngozichukwuka and Ramli, Dzati Athiar},
  journal={IEEE Access},
  year={2021},
  publisher={IEEE}
}
@article{luo2010review,
  title={A review of electrocardiogram filtering},
  author={Luo, Shen and Johnston, Paul},
  journal={Journal of electrocardiology},
  volume={43},
  number={6},
  pages={486--496},
  year={2010},
  publisher={Elsevier}
}
@article{ribeiro2020automatic,
  title={Automatic diagnosis of the 12-lead ECG using a deep neural network},
  author={Ribeiro, Ant{\^o}nio H and Ribeiro, Manoel Horta and Paix{\~a}o, Gabriela MM and Oliveira, Derick M and Gomes, Paulo R and Canazart, J{\'e}ssica A and Ferreira, Milton PS and Andersson, Carl R and Macfarlane, Peter W and Meira Jr, Wagner and others},
  journal={Nature communications},
  volume={11},
  number={1},
  pages={1--9},
  year={2020},
  publisher={Nature Publishing Group}
}

@Misc{tsai,
    author =       {Ignacio Oguiza},
    title =        {tsai - A state-of-the-art deep learning library for time series and sequential data},
    howpublished = {Github},
    year =         {2022},
    url =          {https://github.com/timeseriesAI/tsai}
}
% ptb-XL and icbeb
@ARTICLE{Strodthoff2021,
  author={Strodthoff, Nils and Wagner, Patrick and Schaeffter, Tobias and Samek, Wojciech},
  journal={IEEE Journal of Biomedical and Health Informatics}, 
  title={Deep Learning for ECG Analysis: Benchmarks and Insights from PTB-XL}, 
  year={2021},
  volume={25},
  number={5},
  pages={1519-1528},
  doi={10.1109/JBHI.2020.3022989}}
  

@article{dempster2020rocket,
  title={ROCKET: exceptionally fast and accurate time series classification using random convolutional kernels},
  author={Dempster, Angus and Petitjean, Fran{\c{c}}ois and Webb, Geoffrey I},
  journal={Data Mining and Knowledge Discovery},
  volume={34},
  number={5},
  pages={1454--1495},
  year={2020},
  publisher={Springer}
}

@article{ruiz2021great,
  title={The great multivariate time series classification bake off: a review and experimental evaluation of recent algorithmic advances},
  author={Ruiz, Alejandro Pasos and Flynn, Michael and Large, James and Middlehurst, Matthew and Bagnall, Anthony},
  journal={Data Mining and Knowledge Discovery},
  volume={35},
  number={2},
  pages={401--449},
  year={2021},
  publisher={Springer}
}
% icbeb/CSPC winner
@article{chen2020detection,
  title={Detection and classification of cardiac arrhythmias by a challenge-best deep learning neural network model},
  author={Chen, Tsai-Min and Huang, Chih-Han and Shih, Edward SC and Hu, Yu-Feng and Hwang, Ming-Jing},
  journal={Iscience},
  volume={23},
  number={3},
  pages={100886},
  year={2020},
  publisher={Elsevier}
}

@article{yang2021torchaudio,
  title={TorchAudio: Building Blocks for Audio and Speech Processing},
  author={Yao-Yuan Yang and Moto Hira and Zhaoheng Ni and Anjali Chourdia and Artyom Astafurov and Caroline Chen and Ching-Feng Yeh and Christian Puhrsch and David Pollack and Dmitriy Genzel and Donny Greenberg and Edward Z. Yang and Jason Lian and Jay Mahadeokar and Jeff Hwang and Ji Chen and Peter Goldsborough and Prabhat Roy and Sean Narenthiran and Shinji Watanabe and Soumith Chintala and Vincent Quenneville-Bélair and Yangyang Shi},
  journal={arXiv preprint arXiv:2110.15018},
  year={2021}
}
@book{lyons1997understanding,
  title={Understanding digital signal processing, 3/E},
  author={Lyons, Richard G},
  year={1997},
  publisher={Pearson Education India}
}

@article{bhanja2018impact,
  title={Impact of data normalization on deep neural network for time series forecasting},
  author={Bhanja, Samit and Das, Abhishek},
  journal={arXiv preprint arXiv:1812.05519},
  year={2018}
}

@Misc{tsai,
    author =       {Ignacio Oguiza},
    title =        {tsai - A state-of-the-art deep learning library for time series and sequential data},
    howpublished = {Github},
    year =         {2022},
    url =          {https://github.com/timeseriesAI/tsai}
}


@incollection{NEURIPS2019_9015,
title = {PyTorch: An Imperative Style, High-Performance Deep Learning Library},
author = {Paszke, Adam and Gross, Sam and Massa, Francisco and Lerer, Adam and Bradbury, James and Chanan, Gregory and Killeen, Trevor and Lin, Zeming and Gimelshein, Natalia and Antiga, Luca and Desmaison, Alban and Kopf, Andreas and Yang, Edward and DeVito, Zachary and Raison, Martin and Tejani, Alykhan and Chilamkurthy, Sasank and Steiner, Benoit and Fang, Lu and Bai, Junjie and Chintala, Soumith},
booktitle = {Advances in Neural Information Processing Systems 32},
editor = {H. Wallach and H. Larochelle and A. Beygelzimer and F. d\textquotesingle Alch\'{e}-Buc and E. Fox and R. Garnett},
pages = {8024--8035},
year = {2019},
publisher = {Curran Associates, Inc.},

}

@Article{         harris2020array,
 title         = {Array programming with {NumPy}},
 author        = {Charles R. Harris and K. Jarrod Millman and St{\'{e}}fan J.
                 van der Walt and Ralf Gommers and Pauli Virtanen and David
                 Cournapeau and Eric Wieser and Julian Taylor and Sebastian
                 Berg and Nathaniel J. Smith and Robert Kern and Matti Picus
                 and Stephan Hoyer and Marten H. van Kerkwijk and Matthew
                 Brett and Allan Haldane and Jaime Fern{\'{a}}ndez del
                 R{\'{i}}o and Mark Wiebe and Pearu Peterson and Pierre
                 G{\'{e}}rard-Marchant and Kevin Sheppard and Tyler Reddy and
                 Warren Weckesser and Hameer Abbasi and Christoph Gohlke and
                 Travis E. Oliphant},
 year          = {2020},
 month         = sep,
 journal       = {Nature},
 volume        = {585},
 number        = {7825},
 pages         = {357--362},
 doi           = {10.1038/s41586-020-2649-2},
 publisher     = {Springer Science and Business Media {LLC}},
 url           = {https://doi.org/10.1038/s41586-020-2649-2}
}

@article{strodthoff2020deep,
  title={Deep learning for ECG analysis: Benchmarks and insights from PTB-XL},
  author={Strodthoff, Nils and Wagner, Patrick and Schaeffter, Tobias and Samek, Wojciech},
  journal={IEEE Journal of Biomedical and Health Informatics},
  volume={25},
  number={5},
  pages={1519--1528},
  year={2020},
  publisher={IEEE}
}

@article{wagner2020ptb,
  title={PTB-XL, a large publicly available electrocardiography dataset},
  author={Wagner, Patrick and Strodthoff, Nils and Bousseljot, Ralf-Dieter and Kreiseler, Dieter and Lunze, Fatima I and Samek, Wojciech and Schaeffter, Tobias},
  journal={Scientific data},
  volume={7},
  number={1},
  pages={1--15},
  year={2020},
  publisher={Nature Publishing Group}
}
% normalziation
@article{fang2009human,
  title={Human identification by quantifying similarity and dissimilarity in electrocardiogram phase space},
  author={Fang, Shih-Chin and Chan, Hsiao-Lung},
  journal={Pattern Recognition},
  volume={42},
  number={9},
  pages={1824--1831},
  year={2009},
  publisher={Elsevier}
}

@article{li2019identifying,
  title={Identifying the mislabeled training samples of ECG signals using machine learning},
  author={Li, Yaoguang and Cui, Wei},
  journal={Biomedical signal processing and control},
  volume={47},
  pages={168--176},
  year={2019},
  publisher={Elsevier}
}
@inproceedings{li2010robust,
  title={Robust ECG biometrics by fusing temporal and cepstral information},
  author={Li, Ming and Narayanan, Shrikanth},
  booktitle={2010 20th International Conference on Pattern Recognition},
  pages={1326--1329},
  year={2010},
  organization={IEEE}
}

@article{kruskal1952use,
  title={Use of ranks in one-criterion variance analysis},
  author={Kruskal, William H and Wallis, W Allen},
  journal={Journal of the American statistical Association},
  volume={47},
  number={260},
  pages={583--621},
  year={1952},
  publisher={Taylor \& Francis}
}
@inproceedings{ostertagova2014methodology,
  title={Methodology and application of the Kruskal-Wallis test},
  author={Ostertagova, Eva and Ostertag, Oskar and Kov{\'a}{\v{c}}, Jozef},
  booktitle={Applied Mechanics and Materials},
  volume={611},
  pages={115--120},
  year={2014},
  organization={Trans Tech Publ}
}

@article{holm1979simple,
  title={A simple sequentially rejective multiple test procedure},
  author={Holm, Sture},
  journal={Scandinavian journal of statistics},
  pages={65--70},
  year={1979},
  publisher={JSTOR}
}
@article{abdi2010holm,
  title={Holm’s sequential Bonferroni procedure},
  author={Abdi, Herv{\'e}},
  journal={Encyclopedia of research design},
  volume={1},
  number={8},
  pages={1--8},
  year={2010},
  publisher={Thousand Oaks, California}
}

@article{rukundo2012nearest,
  title={Nearest neighbor value interpolation},
  author={Rukundo, Olivier and Cao, Hanqiang},
  journal={arXiv preprint arXiv:1211.1768},
  year={2012}
}

@article{Makowski2021neurokit,
    author = {Dominique Makowski and Tam Pham and Zen J. Lau and Jan C. Brammer and Fran{\c{c}}ois Lespinasse and Hung Pham and Christopher Schölzel and S. H. Annabel Chen},
    title = {{NeuroKit}2: A Python toolbox for neurophysiological signal processing},
    journal = {Behavior Research Methods},
    volume = {53},
    number = {4},
    pages = {1689--1696},
    publisher = {Springer Science and Business Media {LLC}},
    doi = {10.3758/s13428-020-01516-y},
    url = {https://doi.org/10.3758%2Fs13428-020-01516-y},
    year = 2021,
    month = {feb}
}
@misc{clark2015pillow,
  title={Pillow (PIL Fork) Documentation},
  author={Clark, Alex},
  year={2015},
  publisher={readthedocs},
 url={https://buildmedia.readthedocs.org/media/pdf/pillow/latest/pillow.pdf}
}
@article{van2014scikit,
  title={scikit-image: image processing in Python},
  author={Van der Walt, Stefan and Sch{\"o}nberger, Johannes L and Nunez-Iglesias, Juan and Boulogne, Fran{\c{c}}ois and Warner, Joshua D and Yager, Neil and Gouillart, Emmanuelle and Yu, Tony},
  journal={PeerJ},
  volume={2},
  pages={e453},
  year={2014},
  publisher={PeerJ Inc.}
}